<?xml version="1.0" encoding="UTF-8"?><collection><record><leader>06285ntm a2200805 a 4500</leader><controlfield tag="001">006825661</controlfield><controlfield tag="003">MiAaHDL</controlfield><controlfield tag="005">20190719000000.0</controlfield><controlfield tag="006">m        d        </controlfield><controlfield tag="007">cr bn ---auaua</controlfield><controlfield tag="008">090626s1937    xx            00| ||ara d</controlfield><datafield tag="035" ind1=" " ind2=" "><subfield code="a">(MiU)006825661</subfield></datafield><datafield tag="035" ind1=" " ind2=" "><subfield code="a">sdr-miu006825661</subfield></datafield><datafield tag="040" ind1=" " ind2=" "><subfield code="a">MiU</subfield><subfield code="c">MiU</subfield><subfield code="e">amremm</subfield></datafield><datafield tag="041" ind1="1" ind2=" "><subfield code="a">ara</subfield><subfield code="h">ger</subfield></datafield><datafield tag="043" ind1=" " ind2=" "><subfield code="a">n-us-mi</subfield></datafield><datafield tag="100" ind1="1" ind2=" "><subfield code="a">Hegel, Georg Wilhelm Friedrich,</subfield><subfield code="d">1770-1831.</subfield></datafield><datafield tag="240" ind1="1" ind2="0"><subfield code="a">Wissenschaft der Logik.</subfield><subfield code="l">Arabic.</subfield><subfield code="k">Abridgment</subfield></datafield><datafield tag="245" ind1="1" ind2="0"><subfield code="6">880-03</subfield><subfield code="a">[Manṭiq Hayjal ... etc.,</subfield><subfield code="f">ca. 1937].</subfield></datafield><datafield tag="246" ind1="3" ind2="8"><subfield code="a">منطق هيجل</subfield></datafield><datafield tag="246" ind1="3" ind2=" "><subfield code="i">Title from 'title page' (p.1):</subfield><subfield code="a">هيجل</subfield></datafield><datafield tag="260" ind1=" " ind2=" "><subfield code="c">[ca. 1937].</subfield></datafield><datafield tag="300" ind1=" " ind2=" "><subfield code="a">183 leaves :</subfield><subfield code="b">paper ;</subfield><subfield code="c">312 x 210 mm. bound to 321 x 220 mm.</subfield></datafield><datafield tag="500" ind1=" " ind2=" "><subfield code="a">Shelfmark: Ann Arbor, University of Michigan, Special Collections Library, Isl. Ms. 924</subfield></datafield><datafield tag="500" ind1=" " ind2=" "><subfield code="a">Origin: As appears in colophon on p.114, transcription of the second gathering (kurrāsah) of the second work (an abridgment of Hegel in Arabic) completed 15 December 1937 corresponding to 12 Shawwāl 1356 and 6 Kiyāk [1654]. Likely copied in Egypt in the late 1930s and bound for James Heyworth-Dunne (d.1974).</subfield></datafield><datafield tag="500" ind1=" " ind2=" "><subfield code="a">Former shelfmark: Mich. Isl. Ms. temp. no. 73</subfield></datafield><datafield tag="500" ind1=" " ind2=" "><subfield code="a">Binding: Boards covered in dark green cloth with dark green leather over spine (quarter binding) ; pastedowns and flyleaves in wove paper printed with a floral vegetal pattern in green ; spine gold-stamped with title and decorative accents over raised bands "منطق هيجل | J.H.D." ; sewing difficult to examine ; stuck-on endbands (blue and white stripe) ; overall in fairly good condition.</subfield></datafield><datafield tag="500" ind1=" " ind2=" "><subfield code="a">Support: Lined / ruled wove paper.</subfield></datafield><datafield tag="500" ind1=" " ind2=" "><subfield code="a">Script: Ruqʻah ; compact hand, initially carefully executed in a bold line, later much quicker in a finer line ; serifless and freely ligatured with slight effect of inclination toward the right, pointing somewhat careless and in strokes rather than distinct dots.</subfield></datafield><datafield tag="500" ind1=" " ind2=" "><subfield code="a">Layout: Written mainly in 25 lines per page.</subfield></datafield><datafield tag="500" ind1=" " ind2=" "><subfield code="a">Collation: Pages between sections within works left blank, some serving as 'title pages' (see pp.81, 135, 155, 187, 207, 227, 303, 343) ; pagination in lavender pencil and black ink, Hindu-Arabic numerals (through p.60) ; pagination in pencil, Western numerals, supplied during digitization.</subfield></datafield><datafield tag="500" ind1=" " ind2=" "><subfield code="a">Colophon: [Manṭiq Jūrj Wīlhām Farīdrīkh Hayjal] "Scribal," reads "انتهى هذا الملخص من المنطق الهيجلي وقد وقع الفراغ منه في يوم الاربعاء الموافق للخامس عشر من ديسمبر ١٩٣٧ وللثاني عشر من شوال ١٣٥٦ وللسادس من كياك"</subfield></datafield><datafield tag="500" ind1=" " ind2=" "><subfield code="a">Title from rubricated heading on incipit page (p.2).</subfield></datafield><datafield tag="500" ind1=" " ind2=" "><subfield code="a">Ms. codex.</subfield></datafield><datafield tag="505" ind1="0" ind2=" "><subfield code="a">8. p.247-p.366 : Kitāb Mā baʻda al-ṭabīʻah wa-huwa al-qism al-rābiʻ min Talkhīṣ Maqālāt Arīsṭū / li-Abī al-Walīd Muḥammad ibn Rushd.</subfield></datafield><datafield tag="505" ind1="0" ind2=" "><subfield code="a">7. p.167-p.246 : al-Falsafah al-ʻaṣrīyah min Tārīkh Bāks.</subfield></datafield><datafield tag="505" ind1="0" ind2=" "><subfield code="a">6. p.166 : [blank].</subfield></datafield><datafield tag="505" ind1="0" ind2=" "><subfield code="a">5. p.159-p.165 : Nubdhah fī Mujmal al-taṭawwur min Kānt ilá Hayjal.</subfield></datafield><datafield tag="505" ind1="0" ind2=" "><subfield code="a">4. p.158 : [blank].</subfield></datafield><datafield tag="505" ind1="0" ind2=" "><subfield code="a">3. p.115-p.157 : Hayjal.</subfield></datafield><datafield tag="505" ind1="0" ind2=" "><subfield code="a">2. p.61-p.114 : Manṭiq Jūrj Wīlhām Farīdrīkh Hayjal / Georg Wilhelm Friedrich Hegel.</subfield></datafield><datafield tag="505" ind1="0" ind2=" "><subfield code="a">1. p.2-p.60 : Manṭiq Hayjal / Georg Wilhelm Friedrich Hegel.</subfield></datafield><datafield tag="510" ind1="4" ind2=" "><subfield code="a">Brockelmann, C. GAL,</subfield><subfield code="c">S I 833 ff.</subfield></datafield><datafield tag="520" ind1="8" ind2=" "><subfield code="a">Careful copy of a collection (majmūʻah) of philosophical works, opening with an abridged Arabic translation of Hegel's Logic (Wissenschaft der Logik), followed by another abridged Arabic translation of Hegel's Logic in two sections, followed by a work on Hegel's life and thought in three sections, followed by a summary of philosophical developments from Kant to Hegel, followed by a section on modern philosophy from Bax’s Handbook on the history of philosophy in four sections, and concluding with Ibn Rushd's (Averroës) celebrated shorter commentary on Aristotle's Metaphysics in three sections.</subfield></datafield><datafield tag="538" ind1=" " ind2=" "><subfield code="a">Mode of access: Internet.</subfield></datafield><datafield tag="541" ind1=" " ind2=" "><subfield code="a">Acquired in the Fall of 1950.</subfield></datafield><datafield tag="546" ind1=" " ind2=" "><subfield code="a">Arabic.</subfield></datafield><datafield tag="561" ind1=" " ind2=" "><subfield code="a">On upper pastedown label with ex libris of James Heyworth-Dunne (d.1974), stamped with inventory number, "Ex Libris | J. Heyworth-Dunne | D. Lit. (London) | No 7965" ; possible former inventory mark in pencil on ’title page’ (p.2) "231 / 53" ; UM Library inscription on p.3 "Dunning | Heyworth-Dunne | 6-11-51 | 71955" ; interlinear and marginal corrections in lavender pencil in opening work ; other corrections and numerous marginal glosses in black ink throughout.</subfield></datafield><datafield tag="600" ind1="0" ind2="0"><subfield code="a">Aristotle.</subfield><subfield code="t">Metaphysics.</subfield></datafield><datafield tag="600" ind1="1" ind2="0"><subfield code="a">Hegel, Georg Wilhelm Friedrich,</subfield><subfield code="d">1770-1831.</subfield></datafield><datafield tag="650" ind1=" " ind2="0"><subfield code="a">Manuscripts, Arabic</subfield><subfield code="z">Michigan</subfield><subfield code="z">Ann Arbor.</subfield></datafield><datafield tag="650" ind1=" " ind2="0"><subfield code="a">Metaphysics</subfield><subfield code="v">Early works to 1800.</subfield></datafield><datafield tag="650" ind1=" " ind2="0"><subfield code="a">Philosophy</subfield><subfield code="x">History.</subfield></datafield><datafield tag="650" ind1=" " ind2="0"><subfield code="a">Logic.</subfield></datafield><datafield tag="700" ind1="1" ind2=" "><subfield code="a">Heyworth-Dunne, J.</subfield><subfield code="q">(James),</subfield><subfield code="e">former owner.</subfield></datafield><datafield tag="700" ind1="0" ind2="2"><subfield code="6">880-11</subfield><subfield code="a">Averroës,</subfield><subfield code="d">1126-1198.</subfield><subfield code="t">Tafsīr mā baʻda al-ṭabīʻah.</subfield><subfield code="k">Selections.</subfield></datafield><datafield tag="700" ind1="1" ind2="2"><subfield code="a">Bax, Ernest Belfort,</subfield><subfield code="d">1854-1926.</subfield><subfield code="t">Handbook of the history of philosophy.</subfield><subfield code="l">Arabic.</subfield><subfield code="k">Selections.</subfield></datafield><datafield tag="740" ind1="0" ind2="2"><subfield code="6">880-12</subfield><subfield code="a">Talkhīṣ al-Rushdī li-Mā baʻda al-ṭabīʻah al-Arīsṭī</subfield></datafield><datafield tag="740" ind1="0" ind2="2"><subfield code="6">880-08</subfield><subfield code="a">Falsafah al-ʻaṣrīyah min Tārīkh Bāks</subfield></datafield><datafield tag="740" ind1="0" ind2="2"><subfield code="6">880-07</subfield><subfield code="a">Nubdhah fī Mujmal al-taṭawwur min Kānt ilá Hayjal</subfield></datafield><datafield tag="740" ind1="0" ind2="2"><subfield code="6">880-06</subfield><subfield code="a">Hayjal</subfield></datafield><datafield tag="740" ind1="0" ind2="2"><subfield code="6">880-05</subfield><subfield code="a">Manṭiq Jūrj Wīlhām Farīdrīkh Hayjal</subfield></datafield><datafield tag="773" ind1="0" ind2=" "><subfield code="a">Heyworth-Dunne Collection.</subfield></datafield><datafield tag="880" ind1="0" ind2="2"><subfield code="6">740-12/</subfield><subfield code="a">تلخيص الرشدي لما بعد الطبيعة الاريسطي</subfield></datafield><datafield tag="880" ind1="0" ind2="2"><subfield code="6">700-11/</subfield><subfield code="a">ابن رشد.</subfield><subfield code="t">تفسير ما بعد الطبيعة.</subfield><subfield code="k">مختارات.</subfield></datafield><datafield tag="880" ind1="0" ind2="2"><subfield code="6">740-08/</subfield><subfield code="a">فلسلفة العصرية من تاريخ باكس</subfield></datafield><datafield tag="880" ind1="0" ind2="2"><subfield code="6">740-07/</subfield><subfield code="a">نبذة في مجمل التطور من كانت الى هيجل</subfield></datafield><datafield tag="880" ind1="0" ind2="2"><subfield code="6">740-06/</subfield><subfield code="a">هيجل</subfield></datafield><datafield tag="880" ind1="0" ind2="2"><subfield code="6">740-05/</subfield><subfield code="a">منطق جورج ويلهام فردريخ هيجل</subfield></datafield><datafield tag="880" ind1="1" ind2="0"><subfield code="6">245-03/</subfield><subfield code="a">[منطق هيجل ... الخ,</subfield><subfield code="f">ح. 1937م].</subfield></datafield><datafield tag="CID" ind1=" " ind2=" "><subfield code="a">006825661</subfield></datafield><datafield tag="DAT" ind1="0" ind2=" "><subfield code="a">20190719102640.0</subfield><subfield code="b">20190719000000.0</subfield></datafield><datafield tag="DAT" ind1="1" ind2=" "><subfield code="a">20190719090653.0</subfield><subfield code="b">2019-07-19T16:11:03Z</subfield></datafield><datafield tag="DAT" ind1="2" ind2=" "><subfield code="a">2015-10-02T18:00:03Z</subfield></datafield><datafield tag="CAT" ind1=" " ind2=" "><subfield code="a">SDR-MIU</subfield><subfield code="d">EX LIBRIS - ALEPH</subfield><subfield code="l">prepare.pl-004-008</subfield></datafield><datafield tag="FMT" ind1=" " ind2=" "><subfield code="a">BK</subfield></datafield><datafield tag="HOL" ind1=" " ind2=" "><subfield code="0">sdr-miu006825661</subfield><subfield code="a">MiU</subfield><subfield code="b">SDR</subfield><subfield code="c">MIU</subfield><subfield code="p">mdp.39015079131051</subfield><subfield code="s">MIU</subfield><subfield code="1">006825661</subfield></datafield><datafield tag="974" ind1=" " ind2=" "><subfield code="b">MIU</subfield><subfield code="c">MIU</subfield><subfield code="d">20190719</subfield><subfield code="s">lit-dlps-dc</subfield><subfield code="u">mdp.39015079131051</subfield><subfield code="y">1937</subfield><subfield code="r">ic-world</subfield><subfield code="q">man</subfield></datafield></record></collection>